@article{grover2011survey,
  title={A survey of RFID deployment and security issues},
  author={Grover, Amit and Berghel, Hal},
  journal={Journal of information processing systems},
  volume={7},
  number={4},
  pages={561--580},
  year={2011},
  publisher={Korea Information Processing Society}
}
@article{ortiz2006secure,
  title={How secure is RFID?},
  author={Ortiz Jr, Sixto},
  journal={Computer},
  volume={39},
  number={7},
  pages={17--19},
  year={2006},
  publisher={IEEE}
}