@misc{ref1,
  author = {Gursev Singh Kalra},
  title = {Extracting RSAPrivateCrtKey and Certificates from an Android Process},
  year = {2013},
  howpublished = "\url{http://blog.opensecurityresearch.com/2013/10/extracting-rsaprivatecrtkey-and.html}",
  urldate = {2015-11-15}
}
@misc{ref2,
  author = {Sally Vandeven},
  title = {SSL/TLS: Whatâ€™s Under the Hood},
  year = {2013},
  howpublished = "\url{http://www.sans.org/reading-room/whitepapers/authentication/ssl-tls-whats-hood-34297}",
  urldate = {2015-12-21}
}