@misc{cite1,
  author = {Gursev Singh Kalra},
  title = {Extracting RSAPrivateCrtKey and Certificates from an Android Process},
  year = {2013},
  howpublished = "\url{http://blog.opensecurityresearch.com/2013/10/extracting-rsaprivatecrtkey-and.html}",
  urldate = {2015-11-15}
}
